@book{abramowitz,
   title		= {Handbook of Mathematical Functions},
   author	= {Milton Abramowitz and Irene A. Stegun},
   address	= {Washington, D.C.},
   publisher	= {NBS},
   year		= {1972},
   edition	= {10},
}

@article{achcar1992,
   title	= {A Bayesian approach for accelerated life tests considering the Weibull distribution},
   author	= {J.A. Achcar and F. Louzada-Neto},
   journal	= {Computational Statistics Quarterly},
   volume	= {7},
   year		= {1992},
   pages	= {355-368}
}

@article{perdona2011,
   title	= {A general hazard model for lifetime data in the presence of cure rate},
   author	= {G.S.C. Perdona and F. Louzada-Neto},
   journal	= {Journal of Applied Statistics},
   volume	= {38},
   year		= {2011},
   pages	= {1395-1405}
}


@book{barlow,
   title	= {Total Time on Test Processes and Applications to Failure Data Analysis},
   author	= {Richard E. Barlow and Rafael A. Campo},
   journal	= {SIAM},
   address	= {Pennsylvania},
   year		= {1975},
   pages	= {}
}



@article{bernardo1979a,
  title={Reference posterior distributions for Bayesian inference},
  author={Bernardo, Jose M},
  journal={Journal of the Royal Statistical Society. Series B (Methodological)},
  pages={113--147},
  year={1979},
  publisher={JSTOR}
}

@article{bernardo2005,
  title={Reference analysis},
  author={Bernardo, Jos{\'e} M},
  journal={Handbook of Statistics},
  volume={25},
  pages={17--90},
  year={2005},
  publisher={Elsevier}
}

@article{berger2015,
  title={Overall objective priors},
  author={Berger, James O and Bernardo, Jose M and Sun, Dongchu and others},
  journal={Bayesian Analysis},
  volume={10},
  number={1},
  pages={189--221},
  year={2015},
  publisher={International Society for Bayesian Analysis}
}

@article{bryson1969some,
  title={Some criteria for aging},
  author={Bryson, Maurice C and Siddiqui, MM},
  journal={Journal of the American Statistical Association},
  volume={64},
  number={328},
  pages={1472--1483},
  year={1969},
  publisher={Taylor \& Francis}
}

@book{box2011bayesian,
  title={Bayesian inference in statistical analysis},
  author={Box, George EP and Tiao, George C},
  volume={40},
  year={2011},
  publisher={John Wiley \& Sons}
}


@book{casella2002statistical,
  title={Statistical inference},
  author={Casella, George and Berger, Roger L},
  volume={2},
  year={2002},
  publisher={Duxbury Pacific Grove, CA}
}

@inproceedings{carcole2009statistics,
  title={Statistics of the fluctuations of the amplitude of coda waves of local earthquakes},
  author={Carcole, Eduard and Sato, Haruo},
  booktitle={Seismological Society of Japan, 2009 Fall Meeting, C31-13, Kyoto, Japan},
  year={2009}
}

@article{chen2000new,
  title={A new two-parameter lifetime distribution with bathtub shape or increasing failure rate function},
  author={Chen, Zhenmin},
  journal={Statistics \& Probability Letters},
  volume={49},
  number={2},
  pages={155--161},
  year={2000},
  publisher={Elsevier}
}

@article{cheng2001maximum,
  title={Maximum-likelihood based estimation of the Nakagami m parameter},
  author={Cheng, Julian and Beaulieu, Norman C},
  journal={IEEE Communications letters},
  volume={5},
  number={3},
  pages={101--103},
  year={2001}
}

@article{cheng2002generalized,
  title={Generalized moment estimators for the Nakagami fading parameter},
  author={Cheng, Julian and Beaulieu, Norman C},
  journal={IEEE communications letters},
  volume={6},
  number={4},
  pages={144--146},
  year={2002},
  publisher={Institute of Electrical and Electronics Engineers}
}

@article{cox1987parameter,
  title={Parameter orthogonality and approximate conditional inference},
  author={Cox, David Roxbee and Reid, Nancy},
  journal={Journal of the Royal Statistical Society. Series B (Methodological)},
  pages={1--39},
  year={1987},
  publisher={JSTOR}
}

@book{folland,
   title	= {Real analysis: modern techniques and their applications},
   author	= {Gerald B. Folland},
   address	= {New York},
   publisher	= {Wiley},
   year		= {1999},
   edition	= {2},
}

@inproceedings{gaeddert2004further,
  title={Further results on Nakagami-m parameter estimation},
  author={Gaeddert, Joseph and Annamalai, A},
  booktitle={Vehicular Technology Conference, 2004. VTC2004-Fall. 2004 IEEE 60th},
  volume={6},
  pages={4255--4259},
  year={2004},
  organization={IEEE}
}

@book{gamerman2006markov,
  title={Markov chain Monte Carlo: stochastic simulation for Bayesian inference},
  author={Gamerman, Dani and Lopes, Hedibert F},
  year={2006},
  publisher={CRC Press}
}

@article{glaser1980bathtub,
  title={Bathtub and related failure rate characterizations},
  author={Glaser, Ronald E},
  journal={Journal of the American Statistical Association},
  volume={75},
  number={371},
  pages={667--672},
  year={1980},
  publisher={Taylor \& Francis Group}
}

@book{geweke1991evaluating,
  title={Evaluating the accuracy of sampling-based approaches to the calculation of posterior moments},
  author={Geweke, John and others},
  volume={196},
  year={1991},
  publisher={Federal Reserve Bank of Minneapolis, Research Department Minneapolis, MN, USA}
}


@article{ghitany2,
  title={A two-parameter weighted Lindley distribution and its applications to survival data},
  author={Ghitany, ME and Alqallaf, F and Al-Mutairi, DK and Husain, HA},
  journal={Mathematics and Computers in Simulation},
  volume={81},
  number={6},
  pages={1190--1201},
  year={2011},
  publisher={Elsevier}
}

@article{h1995mean,
  title={Mean residual life function for certain types of non-monotonic ageing},
  author={H. Olcay, Akman},
  journal={Communications in statistics. Stochastic models},
  volume={11},
  number={1},
  pages={219--225},
  year={1995},
  publisher={Taylor \& Francis}
}

@inproceedings{jeffreys1946invariant,
  title={An invariant form for the prior probability in estimation problems},
  author={Jeffreys, Harold},
  booktitle={Proceedings of the Royal Society of London A: Mathematical, Physical and Engineering Sciences},
  volume={186},
  number={1007},
  pages={453--461},
  year={1946},
  organization={The Royal Society}
}

@article{kim2009statistical,
  title={Statistical traffic modeling of MPEG frame size: Experiments and Analysis},
  author={Kim, Kyungwoo and Latchman, Haniph A},
  journal={Journal of Systemics, Cybernetics and Informatics},
  volume={7},
  number={6},
  pages={54--59},
  year={2009}
}

@article{kass1996selection,
  title={The selection of prior distributions by formal rules},
  author={Kass, Robert E and Wasserman, Larry},
  journal={Journal of the American Statistical Association},
  volume={91},
  number={435},
  pages={1343--1370},
  year={1996},
  publisher={Taylor \& Francis Group}
}

@book{lawless2011statistical,
  title={Statistical models and methods for lifetime data},
  author={Lawless, Jerald F},
 edition= {2}, 
 year={2011},
  publisher={John Wiley \& Sons}
}

@book{migon2014statistical,
  title={Statistical inference: an integrated approach},
  author={Migon, Helio S and Gamerman, Dani and Louzada, Francisco},
  year={2014},
  publisher={Chapman and Hall/CRC press},
edition= {2}
}


@article{nakagami1960,
  title={The m-distribution a general formulation of intensity distribution of rapid fading},
  author={Nakagami, N},
  journal={Statistical Methods in Radio Wave Propagation: Proceedings of a Symposium },
  pages={3-36},
  year={1960},
  publisher={ Pergamon Press}
}


@article{nakahara2010maximum,
  title={Maximum-likelihood method for estimating coda Q and the Nakagami-m parameter},
  author={Nakahara, Hisashi and Carcol{\'e}, Eduard},
  journal={Bulletin of the Seismological Society of America},
  volume={100},
  number={6},
  pages={3174--3182},
  year={2010},
  publisher={Seismological Society of America}
}

@article{northrop2016,
  title={Posterior propriety in Bayesian extreme value analyses using reference priors},
  author={Northrop, PJ and Attalides, N},
  journal={Statistica Sinica},
  volume={26},
  number={2},
  year={2016},
  publisher={Academia Sinica, Institute of Statistical Science}
}

@article{pal2006exponentiated,
  title={Exponentiated Weibull distribution},
  author={Pal, Manisha and Ali, M Masoom and Woo, Jungsoo},
  journal={Statistica},
  volume={66},
  number={2},
  pages={139--147},
  year={2006}
}

@article{perdona2011general,
  title={A general hazard model for lifetime data in the presence of cure rate},
  author={Perdon{\'a}, Gleici Castro and Louzada-Neto, Francisco},
  journal={Journal of Applied Statistics},
  volume={38},
  number={7},
  pages={1395--1405},
  year={2011},
  publisher={Taylor \& Francis}
}

@article{sarkar2009adequacy,
  title={Adequacy of Nakagami-m distribution function to derive GIUH},
  author={Sarkar, S and Goel, NK and Mathur, BS},
  journal={Journal of Hydrologic Engineering},
  volume={14},
  number={10},
  pages={1070--1079},
  year={2009},
  publisher={American Society of Civil Engineers}
}

@article{sarkar2010performance,
  title={Performance investigation of Nakagami-m distribution to derive flood hydrograph by genetic algorithm optimization approach},
  author={Sarkar, S and Goel, NK and Mathur, BS},
  journal={Journal of Hydrologic Engineering},
  volume={15},
  number={8},
  pages={658--666},
  year={2010},
  publisher={American Society of Civil Engineers}
}

@article{shankar2001classification,
  title={Classification of ultrasonic B-mode images of breast masses using Nakagami distribution},
  author={Shankar, P Mohana and Dumane, VA and Reid, John M and Genis, Vladimir and Forsberg, Flemming and Piccoli, Catherine W and Goldberg, Barry B},
  journal={IEEE transactions on ultrasonics, ferroelectrics, and frequency control},
  volume={48},
  number={2},
  pages={569--580},
  year={2001},
  publisher={IEEE}
}

@article{son2007bayesian,
  title={Bayesian estimation of the Nakagami-m fading parameter},
  author={Son, Young-Sook and Oh, Mi-Ra},
  journal={Communications for Statistical Applications and Methods},
  volume={14},
  number={2},
  pages={345--353},
  year={2007},
  publisher={The Korean Statistical Society}
}

@article{tibshirani1989,
  title={Noninformative priors for one parameter of many},
  author={Tibshirani, Robert},
  journal={Biometrika},
  volume={76},
  number={3},
  pages={604--608},
  year={1989},
  publisher={Biometrika Trust}
}

@article{tsui2006use,
  title={Use of Nakagami distribution and logarithmic compression in ultrasonic tissue characterization},
  author={Tsui, P and Huang, C and Wang, S},
  journal={Journal of Medical and Biological Engineering},
  volume={26},
  number={2},
  pages={69},
  year={2006},
  publisher={WALTER H CHANG}
}

@article{wang2000new,
  title={A new model with bathtub-shaped failure rate using an additive Burr XII distribution},
  author={Wang, FK},
  journal={Reliability Engineering \& System Safety},
  volume={70},
  number={3},
  pages={305--312},
  year={2000},
  publisher={Elsevier}
}

@article{zhang2002note,
  title={A note on the estimation of Nakagami-m fading parameter},
  author={Zhang, QT},
  journal={IEEE communications letters},
  volume={6},
  number={6},
  pages={237--238},
  year={2002},
  publisher={IEEE}
}

@article{beaulieu2007map,
  title={A MAP estimator for the m parameter in Nakagami fading ultra-wide bandwidth indoor channels},
  author={Beaulieu, Norman C and Chen, Yunfei},
  journal={IEEE transactions on wireless communications},
  volume={6},
  number={3},
  pages={840--844},
  year={2007},
  publisher={IEEE}
}


@article{ramos2016efficient,
  title={An Efficient, Closed-Form MAP Estimator for Nakagami-m Fading Parameter},
  author={Ramos, Pedro Luiz and Louzada, Francisco and Ramos, Eduardo},
  journal={IEEE Communications Letters},
  volume={20},
  number={11},
  pages={2328--2331},
  year={2016},
  publisher={IEEE}
}

@book{rudin1964principles,
  title={Principles of mathematical analysis},
  author={Rudin, Walter and others},
  volume={3},
  year={1964},
  publisher={McGraw-hill New York}
}



@article{zellner1,
  title={Maximal Data Information Prior Distributions},
  author={Zellner, Arnold },
  journal={In New Methods in the applications of Bayesian Methods},
  year={1977},
  publisher={ North- Holland, Amsterdam.}
}

@article{zellner2,
  title={Maximal Data Information Prior Distributions},
  author={Zellner, Arnold },
  journal={Basic Issues in Econometrics},
  year={1984},
  publisher={U. of Chicago Press}
}

@article{wang2012generalized,
  title={Generalized method of moments estimation of the Nakagami-m fading parameter},
  author={Wang, Ning and Song, Xuegui and Cheng, Julian},
  journal={IEEE Transactions on Wireless Communications},
  volume={11},
  number={9},
  pages={3316--3325},
  year={2012},
  publisher={IEEE}
}

@article{rice1945mathematical,
  title={Mathematical analysis of random noise},
  author={Rice, Stephen O},
  journal={The Bell System Technical Journal},
  volume={24},
  number={1},
  pages={46--156},
  year={1945},
  publisher={Nokia Bell Labs}
}

@article{talukdar1991estimation,
  title={Estimation of the parameters of the Rice distribution},
  author={Talukdar, Kushal K and Lawing, William D},
  journal={the Journal of the Acoustical Society of America},
  volume={89},
  number={3},
  pages={1193--1197},
  year={1991},
  publisher={Acoustical Society of America}
}

@inproceedings{lauwers2009estimating,
  title={Estimating the parameters of a Rice distribution: A Bayesian approach},
  author={Lauwers, Lieve and Barb{\'e}, Kurt and Van Moer, Wendy and Pintelon, Rik},
  booktitle={2009 IEEE Instrumentation and Measurement Technology Conference},
  pages={114--117},
  year={2009},
  organization={IEEE}
}

@article{ramos2023power,
  title={POWER LAWS DISTRIBUTIONS IN OBJECTIVE PRIORS},
  author={Ramos, Pedro Luiz and Rodrigues, Francisco A and Ramos, Eduardo and Dey, Dipak K and Louzada, Francisco},
  journal={Statistica Sinica},
  volume={33},
  pages={1959--1984},
  year={2023}
}

@article{carobbi2008absolute,
  title={The absolute maximum of the likelihood function of the rice distribution: Existence and uniqueness},
  author={Carobbi, Carlo FM and Cati, Marco},
  journal={IEEE Transactions on Instrumentation and Measurement},
  volume={57},
  number={4},
  pages={682--689},
  year={2008},
  publisher={IEEE}
}


@article{idier2014properties,
  title={Properties of Fisher information for Rician distributions and consequences in MRI},
  author={Idier, J{\'e}r{\^o}me and Collewet, Guylaine},
  year={2014}
}

@article{ramos2020posterior,
  title={Posterior properties of the Weibull distribution for censored data},
  author={Ramos, Eduardo and Ramos, Pedro L and Louzada, Francisco},
  journal={Statistics \& Probability Letters},
  volume={166},
  pages={108873},
  year={2020},
  publisher={Elsevier}
}

@article{ramos2018bayesian,
  title={Bayesian reference analysis for the generalized gamma distribution},
  author={Ramos, Pedro Luiz and Louzada, Francisco},
  journal={IEEE Communications Letters},
  volume={22},
  number={9},
  pages={1950--1953},
  year={2018},
  publisher={IEEE}
}

@article{ferreira2020objective,
  title={Objective Bayesian analysis for the Lomax distribution},
  author={Ferreira, Paulo H and Ramos, Eduardo and Ramos, Pedro L and Gonzales, Jhon FB and Tomazella, Vera LD and Ehlers, Ricardo S and Silva, Eveliny B and Louzada, Francisco},
  journal={Statistics \& Probability Letters},
  volume={159},
  pages={108677},
  year={2020},
  publisher={Elsevier}
}

@article{ramos2021bayesian,
  title={Bayesian analysis of the inverse generalized gamma distribution using objective priors},
  author={Ramos, Pedro L and Mota, Alex L and Ferreira, Paulo H and Ramos, Eduardo and Tomazella, Vera LD and Louzada, Francisco},
  journal={Journal of Statistical Computation and Simulation},
  volume={91},
  number={4},
  pages={786--816},
  year={2021},
  publisher={Taylor \& Francis}
}



@article{giudici2024safe,
  title={Safe machine learning},
  author={Giudici, Paolo},
  journal={Statistics},
  pages={1--5},
  year={2024},
  publisher={Taylor \& Francis}
}

@article{giudici2023safe,
  title={SAFE Artificial Intelligence in finance},
  author={Giudici, Paolo and Raffinetti, Emanuela},
  journal={Finance Research Letters},
  volume={56},
  pages={104088},
  year={2023},
  publisher={Elsevier}
}

@inproceedings{zhang2019method,
  title={Method of moment rice parameter estimators with improved performance at low SNR},
  author={Zhang, Weimin},
  booktitle={2019 13th International Conference on Signal Processing and Communication Systems (ICSPCS)},
  pages={1--5},
  year={2019},
  organization={IEEE}
}

@inproceedings{gao2010estimation,
  title={Estimation of the Ricean factor in K the high speed railway scenarios},
  author={Gao, Linyi and Zhong, Zhangdui and Ai, Bo and Xiong, Lei},
  booktitle={2010 5th International ICST Conference on Communications and Networking in China},
  pages={1--5},
  year={2010},
  organization={IEEE}
}

@inproceedings{leturc2016estimation,
  title={Estimation of the Ricean K-factor from noisy complex channel coefficients},
  author={Leturc, Xavier and Ciblat, Philippe and Le Martret, Christophe J},
  booktitle={2016 50th Asilomar Conference on Signals, Systems and Computers},
  pages={1092--1096},
  year={2016},
  organization={IEEE}
}

@article{babaei2025rank,
  title={A Rank Graduation Box for SAFE AI},
  author={Babaei, Golnoosh and Giudici, Paolo and Raffinetti, Emanuela},
  journal={Expert Systems with Applications},
  volume={259},
  pages={125239},
  year={2025},
  publisher={Elsevier}
}